<record><leader>00000cas a22000007a 4500</leader><controlfield tag="001">15728734</controlfield><controlfield tag="008">870523c19279999iauwr ne      0    0eng d</controlfield><datafield ind1=" " ind2=" " tag="010"><subfield code="a">sn 87057510 </subfield></datafield><datafield ind1=" " ind2=" " tag="040"><subfield code="a">INP</subfield><subfield code="b">eng</subfield><subfield code="c">INP</subfield><subfield code="d">OCLCQ</subfield></datafield><datafield ind1=" " ind2=" " tag="042"><subfield code="a">msc</subfield></datafield><datafield ind1="0" ind2="4" tag="245"><subfield code="a">The Sidney Argus-herald.</subfield></datafield><datafield ind1="3" ind2="0" tag="246"><subfield code="a">Argus herald, Sidney, Iowa</subfield></datafield><datafield ind1="1" ind2="7" tag="246"><subfield code="a">Sidney Argus</subfield></datafield><datafield ind1=" " ind2=" " tag="260"><subfield code="a">Sidney, Iowa :</subfield><subfield code="b">W.H. Howe &amp; Son.,</subfield><subfield code="c">1927-</subfield></datafield><datafield ind1=" " ind2=" " tag="300"><subfield code="a">v.</subfield></datafield><datafield ind1=" " ind2=" " tag="310"><subfield code="a">Weekly</subfield></datafield><datafield ind1="0" ind2=" " tag="362"><subfield code="a">Vol. 12, no. 11 (Sept. 22, 1927)-</subfield></datafield><datafield ind1=" " ind2=" " tag="752"><subfield code="a">United States</subfield><subfield code="b">Iowa</subfield><subfield code="c">Fremont</subfield><subfield code="d">Sidney.</subfield></datafield><datafield ind1="0" ind2="4" tag="780"><subfield code="t">Sidney Argus</subfield><subfield code="w">(DLC)sn 87057509</subfield></datafield><datafield ind1="0" ind2="4" tag="780"><subfield code="t">Fremont County herald (Sidney, Iowa : 1885)</subfield><subfield code="w">(DLC)sn 87057507</subfield></datafield></record>